@book{LNCS2283,
author={Tobias Nipkow and Lawrence Paulson and Markus Wenzel},
title="Isabelle/HOL --- A Proof Assistant for Higher-Order Logic",
publisher={Springer},
series= {LNCS},
volume= {2283},
year= {2002},
note={\url{http://www.in.tum.de/~nipkow/LNCS2283/}}}
@article{kp:16,
author = {F. Kamm\"uller and C. W. Probst}, 
title = {Modeling and Verification of Insider Threats Using Logical Analysis},
journal = {IEEE Systems Journal, Special issue on Insider Threats to
                  Information Security, Digital Espionage, and Counter
                  Intelligence},
volume = {11},
number = {2}, 
pages = {534--545},
  doi = {10.1109/JSYST.2015.2453215},
  url = {http://dx.doi.org/10.1109/JSYST.2015.2453215},
  year = 2017,
}
@inproceedings{kk:16,
  author    = {Florian Kamm\"uller and 
               Manfred Kerber},
  title     = {Investigating Airplane Safety and Security against Insider Threats Using Logical Modeling},
  booktitle = {IEEE Security and Privacy Workshops, Workshop on Research in Insider Threats, WRIT'16},
  year      = {2016},
  publisher = {IEEE}
}
@proceedings{writ16,
  title     = {Proceedings of the fourth IEEE Workshop on Research in Insider Threats, WRIT'16},
  booktitle = {WRIT'16},
  publisher = {IEEE},
  year      = {2016}
}
@misc{mw:09,
author = {Makarius Wenzel}, 
title = {Re: [isabelle] typedecl versus explicit type parameters},
note =   {Isabelle users mailing list},
url  = {https://lists.cam.ac.uk/pipermail/cl-isabelle-users/2009-July/msg00111.html)},
year = {2009}
}
@misc{kk:20,
    title={Applying the Isabelle Insider Framework to Airplane Security},
    author={Florian Kamm\"uller and Manfred Kerber},
    year={2020},
    eprint={2003.11838},
    archivePrefix={arXiv},
    primaryClass={cs.SE},
    note = {arxive preprint 2003.11838},
    url  = {https://arxiv.org/abs/2003.11838}
}
@inproceedings{pau:97,
  author    = {Lawrence C. Paulson},
  title     = {Proving Properties of Security Protocols by Induction},
  booktitle = {CSFW},
  year      = {1997},
  pages     = {70-83},
  ee        = {http://doi.ieeecomputersociety.org/10.1109/CSFW.1997.596788},
  crossref  = {DBLP:conf/csfw/1997},
  bibsource = {DBLP, http://dblp.uni-trier.de}
}
@proceedings{DBLP:conf/csfw/1997,
  title     = {10th Computer Security Foundations Workshop (CSFW '97),
               June 10-12, 1997, Rockport, Massachusetts, USA},
  booktitle = {CSFW},
  publisher = {IEEE Computer Society},
  year      = {1997},
  bibsource = {DBLP, http://dblp.uni-trier.de}
}
@article{pau:98,
  author    = {Lawrence C. Paulson},
  title     = {The Inductive Approach to Verifying Cryptographic Protocols},
  journal   = {Journal of Computer Security},
  volume    = {6},
  number    = {1-2},
  year      = {1998},
  pages     = {85-128},
  ee        = {http://iospress.metapress.com/content/5wlu8p2am1du051d/},
  bibsource = {DBLP, http://dblp.uni-trier.de}
}
@inproceedings{nblgcww:14,
  author    = {Jason R. C. Nurse and Oliver Buckley and Philip A. Legg and 
               Michael Goldsmith and Sadie Creese and Gordon R. T. Wright and Monica Whitty},
  title     = {{Understanding Insider Threat: A Framework for Characterising Attacks}},
  booktitle = {IEEE Security and Privacy Workshops (SPW)},
  year      = {2014},
  crossref  = {writ14}
}
@proceedings{writ14,
  title     = {Proceedings of the third IEEE Workshop on Research in Insider Threats, WRIT'14},
  booktitle = {WRIT'14},
  publisher = {IEEE},
  year      = {2014}
}
@book{gol:08,
author = {D. Gollmann},
title = {{Computer Security}},
year = {2008},
publisher = {Wiley}
}
